<record><leader>00000cas a22000007a 4500</leader><controlfield tag="001">10239892</controlfield><controlfield tag="008">831221d18491849ohudn ne      0    0eng d</controlfield><datafield ind1=" " ind2=" " tag="010"><subfield code="a">sn 83035659 </subfield></datafield><datafield ind1=" " ind2=" " tag="040"><subfield code="a">NPY</subfield><subfield code="b">eng</subfield><subfield code="c">NPY</subfield><subfield code="d">ONP</subfield><subfield code="d">OCLCQ</subfield></datafield><datafield ind1=" " ind2=" " tag="042"><subfield code="a">msc</subfield></datafield><datafield ind1="0" ind2="0" tag="245"><subfield code="a">Daily evening despatch [sic].</subfield></datafield><datafield ind1="3" ind2="0" tag="246"><subfield code="a">Daily evening dispatch</subfield></datafield><datafield ind1=" " ind2=" " tag="260"><subfield code="a">Chillicothe [Ohio] :</subfield><subfield code="b">G. Armstrong,</subfield><subfield code="c">1849.</subfield></datafield><datafield ind1=" " ind2=" " tag="300"><subfield code="a">v ;</subfield><subfield code="c">40-41 cm.</subfield></datafield><datafield ind1=" " ind2=" " tag="310"><subfield code="a">Daily (except Sun.)</subfield></datafield><datafield ind1="0" ind2=" " tag="362"><subfield code="a">Vol. 1, no. 1 (Oct. 10, 1849)-v. 1, no. 28 (Nov. 10, 1849).</subfield></datafield><datafield ind1=" " ind2=" " tag="580"><subfield code="a">The Despatch is the daily edition of the Ancient metropolis.</subfield></datafield><datafield ind1="1" ind2=" " tag="700"><subfield code="a">Armstrong, George,</subfield><subfield code="d">1794-1856.</subfield></datafield><datafield ind1=" " ind2=" " tag="752"><subfield code="a">United States</subfield><subfield code="b">Ohio</subfield><subfield code="c">Ross</subfield><subfield code="d">Chillicothe.</subfield></datafield><datafield ind1="1" ind2=" " tag="775"><subfield code="t">Ancient metropolis (Chillicothe, Ohio : 1845)</subfield><subfield code="w">(DLC)sn 83035658</subfield></datafield><datafield ind1="0" ind2="0" tag="785"><subfield code="t">Daily ancient metropolis (Chillicothe, Ohio : 1849)</subfield><subfield code="w">(DLC)sn 83035660</subfield></datafield><datafield ind1="1" ind2=" " tag="029"><subfield code="a">AU@</subfield><subfield code="b">000025786963</subfield></datafield></record>